@misc{AntPool,
 author = {AntPool},
 url = {https://www.antpool.com, Accessed on 31 January 2019.}
}

@misc{SlushPool,
 author = {SlushPool},
 url = {https://slushpool.com, Accessed on 31 January 2019.}
}

@misc{F2Pool,
 author = {F2Pool},
 url = {https://www.f2pool.com, Accessed on 31 January 2019.}
}

@misc{ViaBTC,
 author = {ViaBTC},
 url = {https://pool.viabtc.com, Accessed on 31 January 2019.}
}

@misc{BTCcom,
 author = {BTC.com},
 url = {https://btc.com, Accessed on 31 January 2019.}
}

@misc{github,
 author = {Our Source Code and Experimental Data},
 url = {https://github.com/Canhui/Bitcoin\_Mining\_Pools, Accessed on 31 January 2019.}
}


@misc{github2,
 author = {Wang, Canhui},
 title = {The Source Code and Experimental Data of the Bitcoin Network Measurements},
 url = {https://github.com/Canhui/Bitcoin\_Mining\_Pools, Accessed on 31 January 2019.},
 lastchecked = {14.01.2013},
 originalyear = {18.02.2011}
}



@misc{BTC,
 author = {BTC},
 url = {https://en.bitcoin.it/wiki/Bitcoin, Accessed on 31 January 2019.}
}


@misc{Blockchaininfo,
 author = {Blockchain.Info},
 url = {https://www.blockchain.co-\\m, Accessed on 31 January 2019.}
}


@misc{Zcash,
 author = {Zcash},
 url = {https://z.cash, Accessed on 31 January 2019.}
}

@misc{Bitcoingold,
 author = {Bitcoin Gold},
 url = {https://bitcoingold.org, Accessed on 31 January 2019.}
}

@misc{Nicehash,
 author = {Nicehash Cost},
 url = {https://www.crypto51.app/coins/B-\\TC.html, Accessed on 31 January 2019.}
}


@article{hassani2018big,
  title={Big-Crypto: Big Data, Blockchain and Cryptocurrency},
  author={Hassani, Hossein and Huang, Xu and Silva, Emmanuel},
  journal={Big Data and Cognitive Computing},
  volume={2},
  number={4},
  pages={34},
  year={2018},
  publisher={Multidisciplinary Digital Publishing Institute}
}

@inproceedings{almukaynizi2018finding,
  title={Finding Cryptocurrency Attack Indicators Using Temporal Logic and Darkweb Data},
  author={Almukaynizi, Mohammed and Paliath, Vivin and Shah, Malay and Shah, Malav and Shakarian, Paulo},
  booktitle={2018 IEEE International Conference on Intelligence and Security Informatics (ISI)},
  pages={91--93},
  year={2018},
  organization={IEEE}
}


@article{zhu2018survey,
  title={A survey: Reward distribution mechanisms and withholding attacks in Bitcoin pool mining},
  author={Zhu, Saide and Li, Wei and Li, Hong and Hu, Chunqiang and Cai, Zhipeng},
  journal={Mathematical Foundations of Computing},
  volume={1},
  number={4},
  pages={393--414},
  year={2018}
}



@article{tarasov2017future,
  title={THE FUTURE OF E-VOTING.},
  author={Tarasov, Pavel and Tewari, Hitesh},
  journal={IADIS International Journal on Computer Science \& Information Systems},
  volume={12},
  number={2},
  year={2017}
}



@inproceedings{liu2006proof,
  title={Proof of Work can Work.},
  author={Liu, Debin and Camp, L Jean},
  booktitle={WEIS},
  year={2006}
}


@inproceedings{barber2012bitter,
  title={Bitter to better¡ªhow to make bitcoin a better currency},
  author={Barber, Simon and Boyen, Xavier and Shi, Elaine and Uzun, Ersin},
  booktitle={International Conference on Financial Cryptography and Data Security},
  pages={399--414},
  year={2012},
  organization={Springer}
}

@incollection{peters2016understanding,
  title={Understanding Modern Banking Ledgers through Blockchain Technologies: Future of Transaction Processing and Smart Contracts on the Internet of Money},
  author={Peters, Gareth W and Panayi, Efstathios},
  booktitle={Banking Beyond Banks and Money},
  pages={239--278},
  year={2016},
  publisher={Springer}
}

@article{yermack2017corporate,
  title={Corporate governance and blockchains},
  author={Yermack, David},
  journal={Review of Finance},
  pages={rfw074},
  year={2017},
  publisher={Oxford University Press}
}


@inproceedings{Kosba2016Hawk,
  title={Hawk: The Blockchain Model of Cryptography and Privacy-Preserving Smart Contracts},
  author={Kosba, Ahmed and Miller, Andrew and Shi, Elaine and Wen, Zikai and Papamanthou, Charalampos},
  booktitle={Security and Privacy},
  pages={839-858},
  year={2016},
}

@article{christidis2016blockchains,
  title={Blockchains and Smart Contracts for the Internet of Things},
  author={Christidis, Konstantinos and Devetsikiotis, Michael},
  journal={IEEE Access},
  volume={4},
  pages={2292--2303},
  year={2016},
  publisher={IEEE}
}

@article{karame2012two,
  title={Two Bitcoins at the Price of One? Double-Spending Attacks on Fast Payments in Bitcoin.},
  author={Karame, Ghassan and Androulaki, Elli and Capkun, Srdjan},
  journal={IACR Cryptology ePrint Archive},
  volume={2012},
  number={248},
  year={2012}
}

@book{Szydlo2004Merkle,
  title={Merkle Tree Traversal in Log Space and Time},
  author={Szydlo, Michael},
  publisher={Springer Berlin Heidelberg},
  pages={541-554},
  year={2004},
}


@inproceedings{douceur2002sybil,
  title={The sybil attack},
  author={Douceur, John R},
  booktitle={International Workshop on Peer-to-Peer Systems},
  pages={251--260},
  year={2002},
  organization={Springer}
}

@article{anoop2007elliptic,
  title={Elliptic curve cryptography},
  author={Anoop, MS},
  journal={An Implementation Guide},
  year={2007}
}

@inproceedings{Koyama1991New,
  title={New Public-Key Schemes Based on Elliptic Curves over the Ring Zn},
  author={Koyama, Kenji and Maurer, Ueli M. and Okamoto, Tatsuaki and Vanstone, Scott A.},
  booktitle={Advances in Cryptology - CRYPTO '91,  International Cryptology Conference, Santa Barbara, California, Usa, August 11-15, 1991, Proceedings},
  pages={252-266},
  year={1991},
}

@book{Rivest1983A,
  title={A method for obtaining digital signatures and public-key cryptosystems},
  author={Rivest, R. L and Shamir, A and Adleman, L},
  publisher={ACM},
  pages={96-99},
  year={1983},
}

@article{Courtois2017Speed,
  title={Speed Optimizations in Bitcoin Key Recovery Attacks},
  author={Courtois, Nicolas and Song, Guangyan and Castellucci, Ryan},
  journal={Tatra Mountains Mathematical Publications},
  volume={67},
  year={2017},
}

@article{Goldreich1986Two,
  title={Two Remarks Concerning the Goldwasser-Micali-Rivest Signature Scheme},
  author={Goldreich, Oded},
  year={1986},
}

@book{Hankerson2005Elliptic,
  title={Elliptic Curve Discrete Logarithm Problem},
  author={Hankerson, Darrel and Menezes, Alfred},
  publisher={Springer US},
  pages={186-189},
  year={2005},
}

@book{Croman2016On,
  title={On Scaling Decentralized Blockchains},
  author={Croman, Kyle and Decker, Christian and Eyal, Ittay and Gencer, Adem Efe and Juels, Ari and Kosba, Ahmed and Miller, Andrew and Saxena, Prateek and Shi, Elaine and Sirer, Emin G¨¹n},
  publisher={Springer Berlin Heidelberg},
  year={2016},
}

@inproceedings{brewer2000towards,
  title={Towards robust distributed systems},
  author={Brewer, Eric A},
  booktitle={PODC},
  volume={7},
  year={2000}
}

@article{delaney2006consistency,
  title={On consistency and network latency in distributed interactive applications: A survey¡ªPart I},
  author={Delaney, Declan and Ward, Tom{\'a}s and McLoone, Seamus},
  journal={Presence: Teleoperators and Virtual Environments},
  volume={15},
  number={2},
  pages={218--234},
  year={2006},
  publisher={MIT Press}
}

@article{lamport1982byzantine,
  title={The Byzantine generals problem},
  author={Lamport, Leslie and Shostak, Robert and Pease, Marshall},
  journal={ACM Transactions on Programming Languages and Systems (TOPLAS)},
  volume={4},
  number={3},
  pages={382--401},
  year={1982},
  publisher={ACM}
}

@inproceedings{dwork1992pricing,
  title={Pricing via processing or combatting junk mail},
  author={Dwork, Cynthia and Naor, Moni},
  booktitle={Annual International Cryptology Conference},
  pages={139--147},
  year={1992},
  organization={Springer}
}



@inproceedings{garay2015bitcoin,
  title={The bitcoin backbone protocol: Analysis and applications},
  author={Garay, Juan and Kiayias, Aggelos and Leonardos, Nikos},
  booktitle={Annual International Conference on the Theory and Applications of Cryptographic Techniques},
  pages={281--310},
  year={2015},
  organization={Springer}
}

@article{kiayias2016provably,
  title={A provably secure proof-of-stake blockchain protocol},
  author={Kiayias, Aggelos and Konstantinou, Ioannis and Russell, Alexander and David, Bernardo and Oliynykov, Roman},
  year={2016},
  publisher={Cryptology ePrint Archive, Report 2016/889, 2016. http://eprint. iacr. org/2016/889}
}

@article{sompolinsky2013accelerating,
  title={Accelerating Bitcoin's Transaction Processing. Fast Money Grows on Trees, Not Chains.},
  author={Sompolinsky, Yonatan and Zohar, Aviv},
  journal={IACR Cryptology ePrint Archive},
  volume={2013},
  number={881},
  year={2013}
}



@article{Eyal2015Bitcoin,
  title={Bitcoin-NG: A Scalable Blockchain Protocol},
  author={Eyal, Ittay and Gencer, Adem Efe and Sirer, Emin Gun and Renesse, Robbert Van},
  pages={45-59},
  year={2015},
}

@article{hearn2015rapidly,
  title={Rapidly-adjusted (micro) payments to a pre-determined party},
  author={Hearn, Mike and Spilman, J},
  year={2015}
}

@article{poon2015bitcoin,
  title={The bitcoin lightning network: Scalable off-chain instant payments},
  author={Poon, Joseph and Dryja, Thaddeus},
  year={2015},
  publisher={Technical Report (draft). https://lightning. network}
}

@article{wattenhoferfast,
  title={A Fast and Scalable Payment Network with Bitcoin Duplex Micropayment Channels},
  author={Wattenhofer, Christian Decker Roger}
}

@article{back2014enabling,
  title={Enabling blockchain innovations with pegged sidechains},
  author={Back, Adam and Corallo, Matt and Dashjr, Luke and Friedenbach, Mark and Maxwell, Gregory and Miller, Andrew and Poelstra, Andrew and Tim{\'o}n, Jorge and Wuille, Pieter},
  journal={URL: http://www. opensciencereview. com/papers/123/enablingblockchain-innovations-with-pegged-sidechains},
  year={2014}
}

@inproceedings{castro1999practical,
  title={Practical Byzantine fault tolerance},
  author={Castro, Miguel and Liskov, Barbara and others},
  booktitle={OSDI},
  volume={99},
  pages={173--186},
  year={1999}
}

@inproceedings{vukolic2015quest,
  title={The quest for scalable blockchain fabric: Proof-of-work vs. BFT replication},
  author={Vukoli{\'c}, Marko},
  booktitle={International Workshop on Open Problems in Network Security},
  pages={112--125},
  year={2015},
  organization={Springer}
}

@inproceedings{cachin2016architecture,
  title={Architecture of the Hyperledger blockchain fabric},
  author={Cachin, Christian},
  booktitle={Workshop on Distributed Cryptocurrencies and Consensus Ledgers},
  year={2016}
}

@article{amir2011prime,
  title={Prime: Byzantine replication under attack},
  author={Amir, Yair and Coan, Brian and Kirsch, Jonathan and Lane, John},
  journal={IEEE Transactions on Dependable and Secure Computing},
  volume={8},
  number={4},
  pages={564--577},
  year={2011},
  publisher={IEEE}
}

@inproceedings{clement2009making,
  title={Making Byzantine Fault Tolerant Systems Tolerate Byzantine Faults.},
  author={Clement, Allen and Wong, Edmund L and Alvisi, Lorenzo and Dahlin, Michael and Marchetti, Mirco},
  booktitle={NSDI},
  volume={9},
  pages={153--168},
  year={2009}
}

@inproceedings{harris2000interconnect,
  title={Interconnect testing in cluster-based FPGA architectures},
  author={Harris, Ian G and Tessier, Russell},
  booktitle={Proceedings of the 37th Annual Design Automation Conference},
  pages={49--54},
  year={2000},
  organization={ACM}
}

@inproceedings{tsoi2010axel,
  title={Axel: a heterogeneous cluster with FPGAs and GPUs},
  author={Tsoi, Kuen Hung and Luk, Wayne},
  booktitle={Proceedings of the 18th annual ACM/SIGDA international symposium on Field programmable gate arrays},
  pages={115--124},
  year={2010},
  organization={ACM}
}

@inproceedings{huang2007high,
  title={High performance virtual machine migration with RDMA over modern interconnects},
  author={Huang, Wei and Gao, Qi and Liu, Jiuxing and Panda, Dhabaleswar K},
  booktitle={Cluster Computing, 2007 IEEE International Conference on},
  pages={11--20},
  year={2007},
  organization={IEEE}
}

@article{wang2003power,
  title={A power model for routers: Modeling alpha 21364 and infiniband routers},
  author={Wang, Hang-Sheng and Peh, Li-Shiuan and Malik, Sharad},
  journal={IEEE Micro},
  volume={23},
  number={1},
  pages={26--35},
  year={2003},
  publisher={IEEE}
}

@article{sambo2011modeling,
  title={Modeling and distributed provisioning in 10--40--100-Gb/s multirate wavelength switched optical networks},
  author={Sambo, Nicola and Secondini, Marco and Cugini, Filippo and Bottari, Giulio and Iovanna, P and Cavaliere, Fabio and Castoldi, Piero},
  journal={Journal of Lightwave Technology},
  volume={29},
  number={9},
  pages={1248--1257},
  year={2011},
  publisher={IEEE}
}

@phdthesis{iwamura2014can,
  title={Can we stabilize the price of a Cryptocurrency?: Understanding the design of Bitcoin and its potential to compete with Central Bank money},
  author={Iwamura, Mitsuru},
  year={2014},
  school={Hitotsubashi University}
}

@article{kasahara2016priority,
  title={Priority Mechanism of Bitcoin and Its Effect on Transaction-Confirmation Process},
  author={Kasahara, Shoji and Kawahara, Jun},
  journal={arXiv preprint arXiv:1604.00103},
  year={2016}
}

@article{houy2014economics,
  title={The economics of Bitcoin transaction fees},
  author={Houy, Nicolas},
  year={2014}
}

@inproceedings{moser2015trends,
  title={Trends, tips, tolls: A longitudinal study of Bitcoin transaction fees},
  author={M{\"o}ser, Malte and B{\"o}hme, Rainer},
  booktitle={International Conference on Financial Cryptography and Data Security},
  pages={19--33},
  year={2015},
  organization={Springer}
}

@inproceedings{decker2013information,
  title={Information propagation in the bitcoin network},
  author={Decker, Christian and Wattenhofer, Roger},
  booktitle={Peer-to-Peer Computing (P2P), 2013 IEEE Thirteenth International Conference on},
  pages={1--10},
  year={2013},
  organization={IEEE}
}



@article{sapirshtein2015optimal,
  title={Optimal selfish mining strategies in bitcoin},
  author={Sapirshtein, Ayelet and Sompolinsky, Yonatan and Zohar, Aviv},
  journal={arXiv preprint arXiv:1507.06183},
  year={2015}
}

@inproceedings{nayak2016stubborn,
  title={Stubborn mining: Generalizing selfish mining and combining with an eclipse attack},
  author={Nayak, Kartik and Kumar, Srijan and Miller, Andrew and Shi, Elaine},
  booktitle={Security and Privacy (EuroS\&P), 2016 IEEE European Symposium on},
  pages={305--320},
  year={2016},
  organization={IEEE}
}

@inproceedings{gervais2015tampering,
  title={Tampering with the delivery of blocks and transactions in bitcoin},
  author={Gervais, Arthur and Ritzdorf, Hubert and Karame, Ghassan O and Capkun, Srdjan},
  booktitle={Proceedings of the 22nd ACM SIGSAC Conference on Computer and Communications Security},
  pages={692--705},
  year={2015},
  organization={ACM}
}

@inproceedings{heilman2015eclipse,
  title={Eclipse Attacks on Bitcoin's Peer-to-Peer Network.},
  author={Heilman, Ethan and Kendler, Alison and Zohar, Aviv and Goldberg, Sharon},
  booktitle={USENIX Security},
  pages={129--144},
  year={2015}
}

@inproceedings{Miers2013Zerocoin,
  title={Zerocoin: Anonymous Distributed E-Cash from Bitcoin},
  author={Miers, Ian and Garman, Christina and Green, Matthew and Rubin, Aviel D.},
  booktitle={IEEE Symposium on Security and Privacy},
  pages={397-411},
  year={2013},
}

@book{Garman2014Rational,
  title={Rational Zero: Economic Security for Zerocoin with Everlasting Anonymity},
  author={Garman, Christina and Green, Matthew and Miers, Ian and Rubin, Aviel D.},
  pages={140-155},
  year={2014},
}

@inproceedings{Newsome2004The,
  title={The sybil attack in sensor networks:analysis and defenses},
  author={Newsome, James and Shi, Elaine and Song, Dawn and Perrig, Adrian},
  booktitle={International Symposium on Information Processing in Sensor Networks},
  pages={259-268},
  year={2004},
}

@inproceedings{Rodrigues2002The,
  title={The design of a robust peer-to-peer system},
  author={Rodrigues, Rodrigo and Liskov, Barbara and Shrira, Liuba},
  booktitle={The Workshop on ACM Sigops European Workshop},
  pages={117-124},
  year={2002},
}

@inproceedings{Bissias2014Sybil,
  title={Sybil-Resistant Mixing for Bitcoin},
  author={Bissias, George and Ozisik, A. Pinar and Levine, Brian N and Liberatore, Marc},
  booktitle={The Workshop on Privacy in the Electronic Society},
  pages={149-158},
  year={2014},
}

@article{szabo1997formalizing,
  title={Formalizing and securing relationships on public networks},
  author={Szabo, Nick},
  journal={First Monday},
  volume={2},
  number={9},
  year={1997}
}

@article{duffield2014darkcoin,
  title={Darkcoin: PeertoPeer CryptoCurrency with Anonymous Blockchain Transactions and an Improved ProofofWork System},
  author={Duffield, Evan and Hagan, Kyle},
  journal={Mar-2014 [Online]. Available: https://www. dash. org/wpcontent/uploads/2014/09/DarkcoinWhitepaper. pdf.[Accessed: 21-Sep-2016]},
  year={2014}
}

@book{Chaum1983Blind,
  title={Blind Signatures for Untraceable Payments},
  author={Chaum, David},
  publisher={Springer US},
  pages={199-203},
  year={1983},
}

@article{Syta2016Keeping,
  title={Keeping Authorities "Honest or Bust" with Decentralized Witness Cosigning},
  author={Syta, Ewa and Tamas, Iulia and Visher, Dylan and Wolinsky, David Isaac and Jovanovic, Philipp and Gasser, Linus and Gailly, Nicolas and Khoffi, Ismail and Ford, Bryan},
  pages={526-545},
  year={2016},
}

@inproceedings{kogias2016enhancing,
  title={Enhancing bitcoin security and performance with strong consistency via collective signing},
  author={Kogias, Eleftherios Kokoris and Jovanovic, Philipp and Gailly, Nicolas and Khoffi, Ismail and Gasser, Linus and Ford, Bryan},
  booktitle={25th USENIX Security Symposium (USENIX Security 16)},
  pages={279--296},
  year={2016},
  organization={USENIX Association}
}

@article{peck2016blockchain,
  title={A blockchain currency that beat s bitcoin on privacy [News]},
  author={Peck, Morgen},
  journal={IEEE Spectrum},
  volume={53},
  number={12},
  pages={11--13},
  year={2016},
  publisher={IEEE}
}

@inproceedings{bos2014elliptic,
  title={Elliptic curve cryptography in practice},
  author={Bos, Joppe W and Halderman, J Alex and Heninger, Nadia and Moore, Jonathan and Naehrig, Michael and Wustrow, Eric},
  booktitle={International Conference on Financial Cryptography and Data Security},
  pages={157--175},
  year={2014},
  organization={Springer}
}


@inproceedings{kocher2005design,
  title={Design and validation strategies for obtaining assurance in countermeasures to power analysis and related attacks},
  author={Kocher, Paul},
  booktitle={Proceedings of the NIST Physical Security Workshop},
  year={2005}
}

@incollection{goldwasser2013run,
  title={How to run turing machines on encrypted data},
  author={Goldwasser, Shafi and Kalai, Yael Tauman and Popa, Raluca Ada and Vaikuntanathan, Vinod and Zeldovich, Nickolai},
  booktitle={Advances in Cryptology--CRYPTO 2013},
  pages={536--553},
  year={2013},
  publisher={Springer}
}

@inproceedings{biryukov2015bitcoin,
  title={Bitcoin over Tor isn't a good idea},
  author={Biryukov, Alex and Pustogarov, Ivan},
  booktitle={Security and Privacy (SP), 2015 IEEE Symposium on},
  pages={122--134},
  year={2015},
  organization={IEEE}
}

@article{wiki2014denial,
  title={Denial of service (dos) attacks. en. bitcoin. it/wiki},
  author={Wiki, Bitcoin},
  journal={Weaknesses, Accessed on},
  volume={26},
  year={2014}
}

@article{wang2004collisions,
  title={Collisions for Hash Functions MD4, MD5, HAVAL-128 and RIPEMD.},
  author={Wang, Xiaoyun and Feng, Dengguo and Lai, Xuejia and Yu, Hongbo},
  journal={IACR Cryptology ePrint Archive},
  volume={2004},
  pages={199},
  year={2004}
}

@article{courtois2016speed,
  title={Speed Optimizations in Bitcoin Key Recovery Attacks.},
  author={Courtois, Nicolas and Song, Guangyan and Castellucci, Ryan},
  journal={IACR Cryptology ePrint Archive},
  volume={2016},
  pages={103},
  year={2016}
}

@article{fischer1985impossibility,
  title={Impossibility of distributed consensus with one faulty process},
  author={Fischer, Michael J and Lynch, Nancy A and Paterson, Michael S},
  journal={Journal of the ACM (JACM)},
  volume={32},
  number={2},
  pages={374--382},
  year={1985},
  publisher={ACM}
}

@article{vukolic2016eventually,
  title={Eventually Returning to Strong Consistency.},
  author={Vukolic, Marko},
  journal={IEEE Data Eng. Bull.},
  volume={39},
  number={1},
  pages={39--44},
  year={2016}
}



@article{liu2016scalable,
  title={Scalable Byzantine Consensus via Hardware-assisted Secret Sharing},
  author={Liu, Jian and Li, Wenting and Karame, Ghassan O and Asokan, N},
  journal={arXiv preprint arXiv:1612.04997},
  year={2016}
}

@article{luu2015scp,
  title={SCP: A Computationally-Scalable Byzantine Consensus Protocol For Blockchains.},
  author={Luu, Loi and Narayanan, Viswesh and Baweja, Kunal and Zheng, Chaodong and Gilbert, Seth and Saxena, Prateek},
  journal={IACR Cryptology ePrint Archive},
  volume={2015},
  pages={1168},
  year={2015}
}



@phdthesis{golding1992weak,
  title={Weak-consistency group communication and membership},
  author={Golding, Richard Andrew},
  year={1992},
  school={Citeseer}
}

@article{wood2014ethereum,
  title={Ethereum: A Secure Decentralised Generalised Transaction Ledger.(2014)},
  author={Wood, Gavin},
  journal={URL http://gavwood. com/paper. pdf},
  year={2014}
}

@article{schwartz2014ripple,
  title={The Ripple protocol consensus algorithm},
  author={Schwartz, David and Youngs, Noah and Britto, Arthur},
  journal={Ripple Labs Inc White Paper},
  volume={5},
  year={2014}
}



@inproceedings{Donet2014The,
  title={The Bitcoin P2P Network},
  author={Donet, Joan Antoni Donet and P¨¦rez-Sol¨¤, Cristina and Herrera-Joancomart¨ª, Jordi},
  booktitle={The Workshop on Bitcoin Research},
  pages={87-102},
  year={2014},
}



@article{Biryukov2014Deanonymisation,
  title={Deanonymisation of Clients in Bitcoin P2P Network},
  author={Biryukov, Alex and Khovratovich, Dmitry and Pustogarov, Ivan},
  journal={Eprint Arxiv},
  pages={15-29},
  year={2014},
}



@inproceedings{Miller2015Shadow,
  title={Shadow-Bitcoin: scalable simulation via direct execution of multi-threaded applications},
  author={Miller, Andrew and Jansen, Rob},
  booktitle={Usenix Conference on Cyber Security Experimentation and Test},
  pages={7-7},
  year={2015},
}


@article{Tschorsch2015Bitcoin,
  title={Bitcoin and Beyond: A Technical Survey on Decentralized Digital Currencies},
  author={Tschorsch, Florian and Scheuermann, Bj?rn},
  journal={IEEE Communications Surveys and Tutorials},
  volume={18},
  number={3},
  pages={2084-2123},
  year={2015},
}



@inproceedings{sallal2017proximity,
  title={Proximity awareness approach to enhance propagation delay on the Bitcoin peer-to-peer network},
  author={Sallal, Muntadher and Owenson, Gareth and Adda, Mo},
  booktitle={37th IEEE International Conference on Distributed Computing Systems},
  year={2017},
  organization={IEEE}
}









@article{Rosenfeld2014Analysis,
  title={Analysis of Hashrate-Based Double Spending},
  author={Rosenfeld, Meni},
  journal={Eprint Arxiv},
  year={2014},
}


@article{Harik1999The,
  title={The gambler's ruin problem, genetic algorithms, and the sizing of populations},
  author={Harik, G and Cantu-Paz, E and Goldberg, D. E. and Miller, B. L.},
  journal={Evolutionary Computation},
  volume={7},
  number={3},
  pages={231-253},
  year={1999},
}







@article{Rosenfeld2014Analysis,
  title={Analysis of Hashrate-Based Double Spending},
  author={Rosenfeld, Meni},
  journal={Eprint Arxiv},
  year={2014},
}








@inproceedings{Fadhil2016Bitcoin,
  title={Bitcoin Network Measurements for Simulation Validation and Parameterisation},
  author={Fadhil, Muntadher and Owen, Gareth and Mo, Adda},
  booktitle={Inc},
  year={2016},
}


@article{corallo2013high,
  title={High-speed Bitcoin relay network},
  author={Corallo, M},
  journal={November 2013},
  year={2013}
}

@inproceedings{Gervais2016On,
  title={On the Security and Performance of Proof of Work Blockchains},
  author={Gervais, Arthur and Karame, Ghassan O. and Glykantzis, Vasileios and Ritzdorf, Hubert and Capkun, Srdjan},
  booktitle={ACM Sigsac Conference on Computer and Communications Security},
  pages={3-16},
  year={2016},
}




@incollection{reid2013analysis,
  title={An analysis of anonymity in the bitcoin system},
  author={Reid, Fergal and Harrigan, Martin},
  booktitle={Security and privacy in social networks},
  pages={197--223},
  year={2013},
  publisher={Springer}
}

@article{shentu2015research,
  title={Research on Anonymization and De-anonymization in the Bitcoin System},
  author={ShenTu, QingChun and Yu, JianPing},
  journal={arXiv preprint arXiv:1510.07782},
  year={2015}
}


@article{ober2013structure,
  title={Structure and anonymity of the bitcoin transaction graph},
  author={Ober, Micha and Katzenbeisser, Stefan and Hamacher, Kay},
  journal={Future internet},
  volume={5},
  number={2},
  pages={237--250},
  year={2013},
  publisher={Multidisciplinary Digital Publishing Institute}
}


@inproceedings{ron2013quantitative,
  title={Quantitative analysis of the full bitcoin transaction graph},
  author={Ron, Dorit and Shamir, Adi},
  booktitle={International Conference on Financial Cryptography and Data Security},
  pages={6--24},
  year={2013},
  organization={Springer}
}

@inproceedings{reid2011analysis,
  title={An analysis of anonymity in the bitcoin system},
  author={Reid, Fergal and Harrigan, Martin},
  booktitle={Privacy, Security, Risk and Trust (PASSAT) and 2011 IEEE Third Inernational Conference on Social Computing (SocialCom), 2011 IEEE Third International Conference on},
  pages={1318--1326},
  year={2011},
  organization={IEEE}
}

@inproceedings{androulaki2013evaluating,
  title={Evaluating user privacy in bitcoin},
  author={Androulaki, Elli and Karame, Ghassan O and Roeschlin, Marc and Scherer, Tobias and Capkun, Srdjan},
  booktitle={International Conference on Financial Cryptography and Data Security},
  pages={34--51},
  year={2013},
  organization={Springer}
}




@inproceedings{bonneau2014mixcoin,
  title={Mixcoin: Anonymity for Bitcoin with accountable mixes},
  author={Bonneau, Joseph and Narayanan, Arvind and Miller, Andrew and Clark, Jeremy and Kroll, Joshua A and Felten, Edward W},
  booktitle={International Conference on Financial Cryptography and Data Security},
  pages={486--504},
  year={2014},
  organization={Springer}
}

@article{weng2015bitcoin,
  title={Bitcoin mix system design based on partial blind signature},
  author={Weng-dong, Wu},
  journal={Graduate thesis at Shenzhen University, Shenzhen, China},
  year={2015}
}

@inproceedings{valenta2015blindcoin,
  title={Blindcoin: Blinded, accountable mixes for bitcoin},
  author={Valenta, Luke and Rowan, Brendan},
  booktitle={International Conference on Financial Cryptography and Data Security},
  pages={112--126},
  year={2015},
  organization={Springer}
}

@inproceedings{maxwell2013coinjoin,
  title={CoinJoin: Bitcoin privacy for the real world},
  author={Maxwell, Greg},
  booktitle={Post on Bitcoin Forum},
  year={2013}
}

@article{apostolaki2016hijacking,
  title={Hijacking Bitcoin: Routing Attacks on Cryptocurrencies},
  author={Apostolaki, Maria and Zohar, Aviv and Vanbever, Laurent},
  journal={arXiv preprint arXiv:1605.07524},
  year={2016}
}


@article{reed1998anonymous,
  title={Anonymous connections and onion routing},
  author={Reed, Michael G and Syverson, Paul F and Goldschlag, David M},
  journal={IEEE Journal on Selected areas in Communications},
  volume={16},
  number={4},
  pages={482--494},
  year={1998},
  publisher={IEEE}
}


@article{shentu2015transaction,
  title={Transaction remote release (TRR): a new anonymization technology for Bitcoin},
  author={ShenTu, QingChun and Yu, JianPing},
  journal={arXiv preprint arXiv:1509.06160},
  year={2015}
}

@article{tschorsch2016bitcoin,
  title={Bitcoin and beyond: A technical survey on decentralized digital currencies},
  author={Tschorsch, Florian and Scheuermann, Bj{\"o}rn},
  journal={IEEE Communications Surveys \& Tutorials},
  volume={18},
  number={3},
  pages={2084--2123},
  year={2016},
  publisher={IEEE}
}


@inproceedings{gervais2014privacy,
  title={On the privacy provisions of bloom filters in lightweight bitcoin clients},
  author={Gervais, Arthur and Capkun, Srdjan and Karame, Ghassan O and Gruber, Damian},
  booktitle={Proceedings of the 30th Annual Computer Security Applications Conference},
  pages={326--335},
  year={2014},
  organization={ACM}
}





@article{Bloom1970Space,
  title={Space/time trade-offs in hash coding with allowable errors},
  author={Bloom, Burton H},
  journal={Communications of the Acm},
  volume={13},
  number={7},
  pages={422-426},
  year={1970},
}




@article{christensen2010new,
  title={A new analysis of the false positive rate of a bloom filter},
  author={Christensen, Ken and Roginsky, Allen and Jimeno, Miguel},
  journal={Information Processing Letters},
  volume={110},
  number={21},
  pages={944--949},
  year={2010},
  publisher={Elsevier}
}



@misc{rizzo2015dogecoin,
  title={Dogecoin Founder Exits Crypto Community Citing ¡°Toxic¡± Culture},
  author={Rizzo, Pete},
  year={2015},
  publisher={Coindesk, USA}
}


@inproceedings{herrera2016privacy,
  title={Privacy in bitcoin transactions: new challenges from blockchain scalability solutions},
  author={Herrera-Joancomart{\'\i}, Jordi and P{\'e}rez-Sol{\`a}, Cristina},
  booktitle={Modeling Decisions for Artificial Intelligence},
  pages={26--44},
  year={2016},
  organization={Springer}
}


@inproceedings{decker2015fast,
  title={A fast and scalable payment network with bitcoin duplex micropayment channels},
  author={Decker, Christian and Wattenhofer, Roger},
  booktitle={Symposium on Self-Stabilizing Systems},
  pages={3--18},
  year={2015},
  organization={Springer}
}



@inproceedings{dev2014bitcoin,
  title={Bitcoin mining acceleration and performance quantification},
  author={Dev, Jega Anish},
  booktitle={Electrical and Computer Engineering (CCECE), 2014 IEEE 27th Canadian Conference on},
  pages={1--6},
  year={2014},
  organization={IEEE}
}

@inproceedings{plohmann2012case,
  title={Case study of the miner botnet},
  author={Plohmann, Daniel and Gerhards-Padilla, Elmar},
  booktitle={Cyber Conflict (CYCON), 2012 4th International Conference on},
  pages={1--16},
  year={2012},
  organization={IEEE}
}


@article{oikarinen1993internet,
  title={Internet relay chat protocol},
  author={Oikarinen, Jarkko and Reed, Darren},
  year={1993}
}


@inproceedings{francois2011botcloud,
  title={Botcloud: Detecting botnets using mapreduce},
  author={Francois, Jerome and Wang, Shaonan and Bronzi, Walter and State, Radu and Engel, Thomas},
  booktitle={Information Forensics and Security (WIFS), 2011 IEEE International Workshop on},
  pages={1--6},
  year={2011},
  organization={IEEE}
}

@inproceedings{huang2014botcoin,
  title={Botcoin: Monetizing Stolen Cycles.},
  author={Huang, Danny Yuxing and Dharmdasani, Hitesh and Meiklejohn, Sarah and Dave, Vacha and Grier, Chris and McCoy, Damon and Savage, Stefan and Weaver, Nicholas and Snoeren, Alex C and Levchenko, Kirill},
  booktitle={NDSS},
  year={2014}
}

@inproceedings{ali2015zombiecoin,
  title={ZombieCoin: powering next-generation botnets with bitcoin},
  author={Ali, Syed Taha and McCorry, Patrick and Lee, Peter Hyun-Jeen and Hao, Feng},
  booktitle={International Conference on Financial Cryptography and Data Security},
  pages={34--48},
  year={2015},
  organization={Springer}
}


@article{Barford2007An,
  title={An Inside Look at Botnets},
  author={Barford, Paul and Yegneswaran, Vinod},
  journal={Advances in Information Security},
  volume={33},
  number={4},
  pages={171-191},
  year={2007},
}


@article{Arce2003An,
  title={An Analysis of the Slapper Worm},
  author={Arce, Iv¨¢n and Levy, Elias},
  journal={Security and Privacy IEEE},
  volume={1},
  number={1},
  pages={82-87},
  year={2003},
}


@inproceedings{biryukov2013trawling,
  title={Trawling for tor hidden services: Detection, measurement, deanonymization},
  author={Biryukov, Alex and Pustogarov, Ivan and Weinmann, Ralf-Philipp},
  booktitle={Security and Privacy (SP), 2013 IEEE Symposium on},
  pages={80--94},
  year={2013},
  organization={IEEE}
}


@article{warren2012bitmessage,
  title={Bitmessage: A peer-to-peer message authentication and delivery system},
  author={Warren, Jonathan},
  journal={white paper (27 November 2012), https://bitmessage. org/bitmessage. pdf},
  year={2012}
}


@article{feige1988zero,
  title={Zero-knowledge proofs of identity},
  author={Feige, Uriel and Fiat, Amos and Shamir, Adi},
  journal={Journal of cryptology},
  volume={1},
  number={2},
  pages={77--94},
  year={1988},
  publisher={Springer}
}


@article{kubjas2017using,
  title={Using blockchain for enabling internet voting},
  author={Kubjas, Ivo},
  year={2017}
}


@inproceedings{zhao2015vote,
  title={How to vote privately using bitcoin},
  author={Zhao, Zhichao and Chan, T-H Hubert},
  booktitle={International Conference on Information and Communications Security},
  pages={82--96},
  year={2015},
  organization={Springer}
}


@article{takabatake2016anonymous,
  title={An anonymous distributed electronic voting system using Zerocoin},
  author={Takabatake, Yu and Kotani, Daisuke and Okabe, Yasuo},
  year={2016},
  publisher={Institute of Electronics, Information and Communication Engineers (IEICE)}
}



@inproceedings{kalodner2015empirical,
  title={An Empirical Study of Namecoin and Lessons for Decentralized Namespace Design.},
  author={Kalodner, Harry A and Carlsten, Miles and Ellenbogen, Paul and Bonneau, Joseph and Narayanan, Arvind},
  booktitle={WEIS},
  year={2015}
}



@article{fromknecht2014certcoin,
  title={CertCoin: A namecoin based decentralized authentication system},
  author={Fromknecht, Conner and Velicanu, Dragos and Yakoubov, Sophia},
  journal={Massachusetts Inst. Technol., Cambridge, MA, USA, Tech. Rep},
  volume={6},
  year={2014}
}




@article{lee2016electronic,
  title={Electronic Voting Service Using Block-Chain},
  author={Lee, Kibin and James, Joshua I and Ejeta, Tekachew Gobena and Kim, Hyoungjoong},
  journal={The Journal of Digital Forensics, Security and Law: JDFSL},
  volume={11},
  number={2},
  pages={123},
  year={2016},
  publisher={Association of Digital Forensics, Security and Law}
}


@article{bentov2016snow,
  title={Snow White: Provably Secure Proofs of Stake.},
  author={Bentov, Iddo and Pass, Rafael and Shi, Elaine},
  journal={IACR Cryptology ePrint Archive},
  volume={2016},
  pages={919},
  year={2016}
}


@article{King2012PPCoin,
  title={PPCoin: Peer-to-Peer Crypto-Currency with Proof-of-Stake},
  author={King, Sunny and Nadal, Scott},
  year={2012},
}


@article{Kiayias2017Ouroboros,
  title={Ouroboros: A Provably Secure Proof-of-Stake Blockchain Protocol},
  author={Kiayias, Aggelos and Russell, Alexander and David, Bernardo and Oliynykov, Roman},
  pages={357-388},
  year={2017},
}


@article{Houy2014It,
  title={It Will Cost You Nothing to 'Kill' a Proof-of-Stake Crypto-Currency},
  author={Houy, Nicolas},
  journal={Social Science Electronic Publishing},
  volume={34},
  number={2},
  year={2014},
}


@article{ren2014proof,
  title={Proof of stake velocity: Building the social currency of the digital age},
  author={Ren, Larry},
  journal={Self-published white paper},
  year={2014}
}

@article{Bentov2014Proof,
  title={Proof of Activity: Extending Bitcoin's Proof of Work via Proof of Stake},
  author={Bentov, Iddo and Lee, Charles and Mizrahi, Alex and Rosenfeld, Meni},
  year={2014},
}

@article{ripeanu2002mapping,
  title={Mapping the gnutella network: Properties of large-scale peer-to-peer systems and implications for system design},
  author={Ripeanu, Matei and Foster, Ian and Iamnitchi, Adriana},
  journal={arXiv preprint cs/0209028},
  year={2002}
}


@article{stutzbach2008characterizing,
  title={Characterizing unstructured overlay topologies in modern P2P file-sharing systems},
  author={Stutzbach, Daniel and Rejaie, Reza and Sen, Subhabrata},
  journal={IEEE/ACM Transactions on Networking},
  volume={16},
  number={2},
  pages={267--280},
  year={2008},
  publisher={IEEE}
}




@article{miller2015discovering,
  title={Discovering bitcoin’s public topology and influential nodes},
  author={Miller, Andrew and Litton, James and Pachulski, Andrew and Gupta, Neal and Levin, Dave and Spring, Neil and Bhattacharjee, Bobby},
  journal={et al.},
  year={2015}
}


@inproceedings{johnson2014game,
  title={Game-theoretic analysis of DDoS attacks against Bitcoin mining pools},
  author={Johnson, Benjamin and Laszka, Aron and Grossklags, Jens and Vasek, Marie and Moore, Tyler},
  booktitle={International Conference on Financial Cryptography and Data Security},
  pages={72--86},
  year={2014},
  organization={Springer}
}


@inproceedings{vasek2014empirical,
  title={Empirical analysis of denial-of-service attacks in the Bitcoin ecosystem},
  author={Vasek, Marie and Thornton, Micah and Moore, Tyler},
  booktitle={International Conference on Financial Cryptography and Data Security},
  pages={57--71},
  year={2014},
  organization={Springer}
}



@article{lu2008pseudo,
  title={Pseudo trust: Zero-knowledge authentication in anonymous P2Ps},
  author={Lu, Li and Han, Jinsong and Liu, Yunhao and Hu, Lei and Huai, Jin-Peng and Ni, Lionel and Ma, Jian},
  journal={IEEE Transactions on Parallel and Distributed Systems},
  volume={19},
  number={10},
  pages={1325--1337},
  year={2008},
  publisher={IEEE}
}


@article{zhou2008gossiptrust,
  title={Gossiptrust for fast reputation aggregation in peer-to-peer networks},
  author={Zhou, Runfang and Hwang, Kai and Cai, Min},
  journal={IEEE Transactions on Knowledge and Data Engineering},
  volume={20},
  number={9},
  pages={1282--1295},
  year={2008},
  publisher={IEEE}
}


@article{xiong2004peertrust,
  title={Peertrust: Supporting reputation-based trust for peer-to-peer electronic communities},
  author={Xiong, Li and Liu, Ling},
  journal={IEEE transactions on Knowledge and Data Engineering},
  volume={16},
  number={7},
  pages={843--857},
  year={2004},
  publisher={IEEE}
}


@article{zhou2007powertrust,
  title={Powertrust: A robust and scalable reputation system for trusted peer-to-peer computing},
  author={Zhou, Runfang and Hwang, Kai},
  journal={IEEE Transactions on parallel and distributed systems},
  volume={18},
  number={4},
  year={2007},
  publisher={IEEE}
}


@article{jin2010detecting,
  title={Detecting malicious nodes in peer-to-peer streaming by peer-based monitoring},
  author={Jin, Xing and Chan, S-H Gary},
  journal={ACM Transactions on Multimedia Computing, Communications, and Applications (TOMM)},
  volume={6},
  number={2},
  pages={9},
  year={2010},
  publisher={ACM}
}


@article{waluyo2012trustworthy,
  title={Trustworthy-based efficient data broadcast model for P2P interaction in resource-constrained wireless environments},
  author={Waluyo, Agustinus Borgy and Taniar, David and Rahayu, Wenny and Aikebaier, Ailixier and Takizawa, Makoto and Srinivasan, Bala},
  journal={Journal of Computer and System Sciences},
  volume={78},
  number={6},
  pages={1716--1736},
  year={2012},
  publisher={Elsevier}
}

@article{zhang2013trust,
  title={Trust modeling for message relay control and local action decision making in VANETs},
  author={Zhang, Jie and Chen, Chen and Cohen, Robin},
  journal={Security and Communication Networks},
  volume={6},
  number={1},
  pages={1--14},
  year={2013},
  publisher={Wiley Online Library}
}



@inproceedings{ranshous2017exchange,
  title={Exchange Pattern Mining in the Bitcoin Transaction Directed Hypergraph},
  author={Ranshous, Stephen and Joslyn, Cliff A and Kreyling, Sean and Nowak, Kathleen and Samatova, Nagiza F and West, Curtis L and Winters, Samuel},
  booktitle={International Conference on Financial Cryptography and Data Security},
  pages={248--263},
  year={2017},
  organization={Springer}
}

@article{pappalardo2016bitcoin,
  title={The Bitcoin Peers Network},
  author={Pappalardo, Giuseppe and Caldarelli, Guido and Aste, Tomaso},
  year={2016}
}


@article{stathakopoulou2015faster,
  title={A faster Bitcoin network},
  author={Stathakopoulou, Chrysoula and Decker, C and Wattenhofer, R},
  journal={Tech. rep., ETH, Zurich,. Semester Thesis},
  year={2015}
}



@article{tschorsch2016bitcoin,
  title={Bitcoin and beyond: A technical survey on decentralized digital currencies},
  author={Tschorsch, Florian and Scheuermann, Bj{\"o}rn},
  journal={IEEE Communications Surveys \& Tutorials},
  volume={18},
  number={3},
  pages={2084--2123},
  year={2016},
  publisher={IEEE}
}


@article{tsukerman2015block,
  title={The block is hot: A survey of the state of Bitcoin regulation and suggestions for the future},
  author={Tsukerman, Misha},
  journal={Berkeley Tech. LJ},
  volume={30},
  pages={1127},
  year={2015},
  publisher={HeinOnline}
}




@inproceedings{wang2015exploring,
  title={Exploring miner evolution in bitcoin network},
  author={Wang, Luqin and Liu, Yong},
  booktitle={International Conference on Passive and Active Network Measurement},
  pages={290--302},
  year={2015},
  organization={Springer}
}


@inproceedings{sallal2016bitcoin,
  title={Bitcoin network measurements for simulation validation and parametrisation},
  author={Sallal, Muntadher and Owenson, Gareth and Adda, Mo},
  booktitle={11th International Network Conference},
  year={2016}
}


@inproceedings{spagnuolo2014bitiodine,
  title={Bitiodine: Extracting intelligence from the bitcoin network},
  author={Spagnuolo, Michele and Maggi, Federico and Zanero, Stefano},
  booktitle={International Conference on Financial Cryptography and Data Security},
  pages={457--468},
  year={2014},
  organization={Springer}
}


@inproceedings{soska2015measuring,
  title={Measuring the Longitudinal Evolution of the Online Anonymous Marketplace Ecosystem.},
  author={Soska, Kyle and Christin, Nicolas},
  booktitle={USENIX Security Symposium},
  pages={33--48},
  year={2015}
}




@article{lischke2016analyzing,
  title={Analyzing the bitcoin network: The first four years},
  author={Lischke, Matthias and Fabian, Benjamin},
  journal={Future Internet},
  volume={8},
  number={1},
  pages={7},
  year={2016},
  publisher={Multidisciplinary Digital Publishing Institute}
}



@article{o2014bitcoin,
  title={Bitcoin mining and its energy footprint},
  author={O'Dwyer, Karl J and Malone, David},
  year={2014},
  publisher={IET}
}


@inproceedings{english2016block,
  title={Block chain technologies \& the semantic web: A framework for symbiotic development},
  author={English, Matthew and Auer, S{\"o}ren and Domingue, John},
  booktitle={Computer Science Conference for University of Bonn Students, J. Lehmann, H. Thakkar, L. Halilaj, and R. Asmat, Eds},
  pages={47--61},
  year={2016}
}




@inproceedings{lewenberg2015bitcoin,
  title={Bitcoin mining pools: A cooperative game theoretic analysis},
  author={Lewenberg, Yoad and Bachrach, Yoram and Sompolinsky, Yonatan and Zohar, Aviv and Rosenschein, Jeffrey S},
  booktitle={Proceedings of the 2015 International Conference on Autonomous Agents and Multiagent Systems},
  pages={919--927},
  year={2015},
  organization={International Foundation for Autonomous Agents and Multiagent Systems}
}


@inproceedings{neudecker2016timing,
  title={Timing analysis for inferring the topology of the bitcoin peer-to-peer network},
  author={Neudecker, Till and Andelfinger, Philipp and Hartenstein, Hannes},
  booktitle={Ubiquitous Intelligence \& Computing, Advanced and Trusted Computing, Scalable Computing and Communications, Cloud and Big Data Computing, Internet of People, and Smart World Congress (UIC/ATC/ScalCom/CBDCom/IoP/SmartWorld), 2016 Intl IEEE Conferences},
  pages={358--367},
  year={2016},
  organization={IEEE}
}


@inproceedings{decker2014bitcoin,
  title={Bitcoin transaction malleability and MtGox},
  author={Decker, Christian and Wattenhofer, Roger},
  booktitle={European Symposium on Research in Computer Security},
  pages={313--326},
  year={2014},
  organization={Springer}
}


@inproceedings{dev2014bitcoin,
  title={Bitcoin mining acceleration and performance quantification},
  author={Dev, Jega Anish},
  booktitle={Electrical and Computer Engineering (CCECE), 2014 IEEE 27th Canadian Conference on},
  pages={1--6},
  year={2014},
  organization={IEEE}
}


@inproceedings{eyal2015miner,
  title={The miner's dilemma},
  author={Eyal, Ittay},
  booktitle={Security and Privacy (SP), 2015 IEEE Symposium on},
  pages={89--103},
  year={2015},
  organization={IEEE}
}



@inproceedings{gervais2016security,
  title={On the security and performance of proof of work blockchains},
  author={Gervais, Arthur and Karame, Ghassan O and W{\"u}st, Karl and Glykantzis, Vasileios and Ritzdorf, Hubert and Capkun, Srdjan},
  booktitle={Proceedings of the 2016 ACM SIGSAC Conference on Computer and Communications Security},
  pages={3--16},
  year={2016},
  organization={ACM}
}


@article{luu2017smart,
  title={SMART POOL: Practical Decentralized Pooled Mining.},
  author={Luu, Loi and Velner, Yaron and Teutsch, Jason and Saxena, Prateek},
  journal={IACR Cryptology ePrint Archive},
  volume={2017},
  pages={19},
  year={2017}
}


@article{rosenfeld2014analysis,
  title={Analysis of hashrate-based double spending},
  author={Rosenfeld, Meni},
  journal={arXiv preprint arXiv:1402.2009},
  year={2014}
}



@article{houy2014bitcoin,
  title={The Bitcoin mining game},
  author={Houy, Nicolas},
  year={2014}
}

@article{bradbury2013problem,
  title={The problem with Bitcoin},
  author={Bradbury, Danny},
  journal={Computer Fraud \& Security},
  volume={2013},
  number={11},
  pages={5--8},
  year={2013},
  publisher={Elsevier}
}

@inproceedings{moser2014towards,
  title={Towards risk scoring of Bitcoin transactions},
  author={M{\"o}ser, Malte and B{\"o}hme, Rainer and Breuker, Dominic},
  booktitle={International Conference on Financial Cryptography and Data Security},
  pages={16--32},
  year={2014},
  organization={Springer}
}


@article{ren2014proof,
  title={Proof of stake velocity: Building the social currency of the digital age},
  author={Ren, Larry},
  journal={Self-published white paper},
  year={2014}
}



@inproceedings{clayton2004stopping,
  title={Stopping Spam by Extrusion Detection.},
  author={Clayton, Richard},
  booktitle={CEAS},
  year={2004}
}


@article{gencer2018decentralization,
  title={Decentralization in Bitcoin and Ethereum Networks},
  author={Gencer, Adem Efe and Basu, Soumya and Eyal, Ittay and van Renesse, Robbert and Sirer, Emin G{\"u}n},
  journal={arXiv preprint arXiv:1801.03998},
  year={2018}
}

@article{gervais2014bitcoin,
  title={Is Bitcoin a decentralized currency?},
  author={Gervais, Arthur and Karame, Ghassan and Capkun, Srdjan and Capkun, Vedran},
  journal={IEEE security \& privacy},
  volume={12},
  number={3},
  pages={54--60},
  year={2014}
}

@inproceedings{karame2012double,
  title={Double-spending fast payments in bitcoin},
  author={Karame, Ghassan O and Androulaki, Elli and Capkun, Srdjan},
  booktitle={Proceedings of the 2012 ACM conference on Computer and communications security},
  pages={906--917},
  year={2012},
  organization={ACM}
}


@inproceedings{chen2017improved,
  title={An improved P2P file system scheme based on IPFS and Blockchain},
  author={Chen, Yongle and Li, Hui and Li, Kejiao and Zhang, Jiyang},
  booktitle={Big Data (Big Data), 2017 IEEE International Conference on},
  pages={2652--2657},
  year={2017},
  organization={IEEE}
}

@article{tenorio2018open,
  title={Open Peer-to-Peer Systems over Blockchain and IPFS: an Agent Oriented Framework},
  author={Tenorio-Forn{\'e}s, Antonio and Hassan, Samer and Pav{\'o}n, Juan},
  year={2018}
}


@article{jain2018seguro,
  title={Seguro Digital storage of documents using Blockchain},
  author={Jain, Abhishek and Jain, Aman and Chauhan, Nihal and Singh, Vikrant and Thakur, Narina},
  year={2018}
}


@article{nakamoto2008bitcoin,
  title={Bitcoin: A peer-to-peer electronic cash system},
  author={Nakamoto, Satoshi},
  year={2008},
  publisher={Working Paper}
}


@article{crosby2016blockchain,
  title={Blockchain technology: Beyond bitcoin},
  author={Crosby, Michael and Pattanayak, Pradan and Verma, Sanjeev and Kalyanaraman, Vignesh},
  journal={Applied Innovation},
  volume={2},
  pages={6--10},
  year={2016}
}


@article{zheng2016blockchain,
  title={Blockchain challenges and opportunities: A survey},
  author={Zheng, Zibin and Xie, Shaoan and Dai, Hong-Ning and Wang, Huaimin},
  journal={Work Pap.--2016},
  year={2016}
}


@article{eyal2018majority,
  title={Majority is not enough: Bitcoin mining is vulnerable},
  author={Eyal, Ittay and Sirer, Emin G{\"u}n},
  journal={Communications of the ACM},
  volume={61},
  number={7},
  pages={95--102},
  year={2018},
  publisher={ACM}
}


@article{luu2017smart,
  title={SMART POOL: Practical Decentralized Pooled Mining.},
  author={Luu, Loi and Velner, Yaron and Teutsch, Jason and Saxena, Prateek},
  journal={IACR Cryptology ePrint Archive},
  volume={2017},
  pages={19},
  year={2017}
}


@inproceedings{fadhil2016bitcoin,
  title={Bitcoin network measurements for simulation validation and parameterisation},
  author={Fadhil, Muntadher and Owen, Gareth and Adda, Mo},
  booktitle={11th International Network Conference, INC 2016},
  year={2016},
  organization={University of Plymouth}
}


@inproceedings{croman2016scaling,
  title={On scaling decentralized blockchains},
  author={Croman, Kyle and Decker, Christian and Eyal, Ittay and Gencer, Adem Efe and Juels, Ari and Kosba, Ahmed and Miller, Andrew and Saxena, Prateek and Shi, Elaine and Sirer, Emin G{\"u}n and others},
  journal={International Conference on Financial Cryptography and Data Security},
  pages={106--125},
  year={2016},
  organization={Springer}
}



@inproceedings{sompolinsky2015secure,
  title={Secure high-rate transaction processing in bitcoin},
  author={Sompolinsky, Yonatan and Zohar, Aviv},
  booktitle={International Conference on Financial Cryptography and Data Security},
  pages={507--527},
  year={2015},
  organization={Springer}
}


@inproceedings{neudecker2015simulation,
  title={A simulation model for analysis of attacks on the bitcoin peer-to-peer network},
  author={Neudecker, Till and Andelfinger, Philipp and Hartenstein, Hannes},
  booktitle={Integrated Network Management (IM), 2015 IFIP/IEEE International Symposium on},
  pages={1327--1332},
  year={2015},
  organization={IEEE}
}


@inproceedings{meiklejohn2013fistful,
  title={A fistful of bitcoins: characterizing payments among men with no names},
  author={Meiklejohn, Sarah and Pomarole, Marjori and Jordan, Grant and Levchenko, Kirill and McCoy, Damon and Voelker, Geoffrey M and Savage, Stefan},
  booktitle={Proceedings of the 2013 conference on Internet measurement conference},
  pages={127--140},
  year={2013},
  organization={ACM}
}


@inproceedings{baumann2014exploring,
  title={Exploring the Bitcoin Network.},
  author={Baumann, Annika and Fabian, Benjamin and Lischke, Matthias},
  booktitle={WEBIST (1)},
  pages={369--374},
  year={2014}
}


@inproceedings{kinkeldey2017bitconduite,
  title={BitConduite: Visualizing and Analyzing Activity on the Bitcoin Network},
  author={Kinkeldey, Christoph and Fekete, Jean-Daniel and Isenberg, Petra},
  booktitle={EuroVis 2017-Eurographics Conference on Visualization, Posters Track},
  pages={3},
  year={2017}
}



@inproceedings{spagnuolo2014bitiodine,
  title={Bitiodine: Extracting intelligence from the bitcoin network},
  author={Spagnuolo, Michele and Maggi, Federico and Zanero, Stefano},
  booktitle={International Conference on Financial Cryptography and Data Security},
  pages={457--468},
  year={2014},
  organization={Springer}
}



@inproceedings{wang2015exploring,
  title={Exploring miner evolution in bitcoin network},
  author={Wang, Luqin and Liu, Yong},
  booktitle={International Conference on Passive and Active Network Measurement},
  pages={290--302},
  year={2015},
  organization={Springer}
}


@article{gervais2014bitcoin,
  title={Is bitcoin a decentralized currency?},
  author={Gervais, Arthur and Karame, Ghassan and Capkun, Srdjan and Capkun, Vedran},
  journal={IEEE security \& privacy},
  volume={12},
  number={3},
  pages={54--60},
  year={2014}
}



@article{o2014bitcoin,
  title={Bitcoin mining and its energy footprint},
  author={O'Dwyer, Karl J and Malone, David},
  year={2014},
  publisher={IET}
}



@inproceedings{lewenberg2015bitcoin,
  title={Bitcoin mining pools: A cooperative game theoretic analysis},
  author={Lewenberg, Yoad and Bachrach, Yoram and Sompolinsky, Yonatan and Zohar, Aviv and Rosenschein, Jeffrey S},
  booktitle={Proceedings of the 2015 International Conference on Autonomous Agents and Multiagent Systems},
  pages={919--927},
  year={2015},
  organization={International Foundation for Autonomous Agents and Multiagent Systems}
}


@inproceedings{schrijvers2016incentive,
  title={Incentive compatibility of bitcoin mining pool reward functions},
  author={Schrijvers, Okke and Bonneau, Joseph and Boneh, Dan and Roughgarden, Tim},
  booktitle={International Conference on Financial Cryptography and Data Security},
  pages={477--498},
  year={2016},
  organization={Springer}
}



@article{kiayias2015speed,
  title={Speed-Security Tradeoffs in Blockchain Protocols.},
  author={Kiayias, Aggelos and Panagiotakos, Giorgos},
  journal={IACR Cryptology ePrint Archive},
  volume={2015},
  pages={1019},
  year={2015}
}



@article{recabarren2017hardening,
  title={Hardening stratum, the bitcoin pool mining protocol},
  author={Recabarren, Ruben and Carbunar, Bogdan},
  journal={Proceedings on Privacy Enhancing Technologies},
  volume={2017},
  number={3},
  pages={57--74},
  year={2017},
  publisher={De Gruyter Open}
}


@inproceedings{eyal2015miner,
  title={The miner's dilemma},
  author={Eyal, Ittay},
  booktitle={Security and Privacy (SP), 2015 IEEE Symposium on},
  pages={89--103},
  year={2015},
  organization={IEEE}
}

@article{bohme2015bitcoin,
  title={Bitcoin: Economics, technology, and governance},
  author={B{\"o}hme, Rainer and Christin, Nicolas and Edelman, Benjamin and Moore, Tyler},
  journal={Journal of Economic Perspectives},
  volume={29},
  number={2},
  pages={213--38},
  year={2015}
}


@article{karame2015misbehavior,
  title={Misbehavior in bitcoin: A study of double-spending and accountability},
  author={Karame, Ghassan O and Androulaki, Elli and Roeschlin, Marc and Gervais, Arthur and {\v{C}}apkun, Srdjan},
  journal={ACM Transactions on Information and System Security (TISSEC)},
  volume={18},
  number={1},
  pages={2},
  year={2015},
  publisher={ACM}
}


@inproceedings{velner2017smart,
  title={Smart contracts make Bitcoin mining pools vulnerable},
  author={Velner, Yaron and Teutsch, Jason and Luu, Loi},
  booktitle={International Conference on Financial Cryptography and Data Security},
  pages={298--316},
  year={2017},
  organization={Springer}
}

@inproceedings{miller2015nonoutsourceable,
  title={Nonoutsourceable scratch-off puzzles to discourage bitcoin mining coalitions},
  author={Miller, Andrew and Kosba, Ahmed and Katz, Jonathan and Shi, Elaine},
  booktitle={Proceedings of the 22nd ACM SIGSAC Conference on Computer and Communications Security},
  pages={680--691},
  year={2015},
  organization={ACM}
}


@inproceedings{donet2014bitcoin,
  title={The bitcoin P2P network},
  author={Donet, Joan Antoni Donet and P{\'e}rez-Sola, Cristina and Herrera-Joancomart{\'\i}, Jordi},
  booktitle={International Conference on Financial Cryptography and Data Security},
  pages={87--102},
  year={2014},
  organization={Springer}
}

@inproceedings{miller2015nonoutsourceable,
  title={Nonoutsourceable scratch-off puzzles to discourage bitcoin mining coalitions},
  author={Miller, Andrew and Kosba, Ahmed and Katz, Jonathan and Shi, Elaine},
  booktitle={Proceedings of the 22nd ACM SIGSAC Conference on Computer and Communications Security},
  pages={680--691},
  year={2015},
  organization={ACM}
}


@article{gencer2018decentralization,
  title={Decentralization in bitcoin and ethereum networks},
  author={Gencer, Adem Efe and Basu, Soumya and Eyal, Ittay and van Renesse, Robbert and Sirer, Emin G{\"u}n},
  journal={arXiv preprint arXiv:1801.03998},
  year={2018}
}


@inproceedings{johnson2014game,
  title={Game-theoretic analysis of DDoS attacks against Bitcoin mining pools},
  author={Johnson, Benjamin and Laszka, Aron and Grossklags, Jens and Vasek, Marie and Moore, Tyler},
  booktitle={International Conference on Financial Cryptography and Data Security},
  pages={72--86},
  year={2014},
  organization={Springer}
}




@article{btccom,
  title={https://www.btc.com},
  author={BTC.com},
  year={2018}
}



@article{zencash,
  title={https://zencash.com},
  author={Zencash},
  year={2018}
}


@article{btcgold,
  title={https://bitcoingold.org},
  author={Bitcoin Gold},
  year={2018}
}







@article{blockchaininfo,
  title={https://www.blockchain.com},
  author={Blockchain.info},
  year={2018}
}


@article{slush,
  title={https://slushpool.com/home/},
  author={SlushPool},
  year={2018}
}



@article{gencer2018decentralization,
  title={Decentralization in bitcoin and ethereum networks},
  author={Gencer, Adem Efe and Basu, Soumya and Eyal, Ittay and van Renesse, Robbert and Sirer, Emin G{\"u}n},
  journal={arXiv preprint arXiv:1801.03998},
  year={2018}
}



@article{gervais2014bitcoin,
  title={Is bitcoin a decentralized currency?},
  author={Gervais, Arthur and Karame, Ghassan and Capkun, Srdjan and Capkun, Vedran},
  journal={IEEE security \& privacy},
  volume={12},
  number={3},
  pages={54--60},
  year={2014}
}


@article{stone2015examination,
  title={An examination of single transaction blocks and their effect on network throughput and block size},
  author={Stone, Andrew},
  journal={Self-published Paper},
  year={2015}
}

@article{gencer2018decentralization,
  title={Decentralization in bitcoin and ethereum networks},
  author={Gencer, Adem Efe and Basu, Soumya and Eyal, Ittay and van Renesse, Robbert and Sirer, Emin G{\"u}n},
  journal={arXiv preprint arXiv:1801.03998},
  year={2018}
}



@article{gervais2014bitcoin,
  title={Is bitcoin a decentralized currency?},
  author={Gervais, Arthur and Karame, Ghassan and Capkun, Srdjan and Capkun, Vedran},
  journal={IEEE security \& privacy},
  volume={12},
  number={3},
  pages={54--60},
  year={2014}
}



@article{bitcoinfullnode,
  title={https://bitcoin.org/en/full-node},
  author={Bitcoin Full Node},
  year={2018}
}



@inproceedings{luu2015power,
  title={On power splitting games in distributed computation: The case of bitcoin pooled mining},
  author={Luu, Loi and Saha, Ratul and Parameshwaran, Inian and Saxena, Prateek and Hobor, Aquinas},
  booktitle={Computer Security Foundations Symposium (CSF), 2015 IEEE 28th},
  pages={397--411},
  year={2015},
  organization={IEEE}
}



@inproceedings{wang2015exploring,
  title={Exploring miner evolution in bitcoin network},
  author={Wang, Luqin and Liu, Yong},
  booktitle={International Conference on Passive and Active Network Measurement},
  pages={290--302},
  year={2015},
  organization={Springer}
}


@inproceedings{beikverdi2015trend,
  title={Trend of centralization in Bitcoin's distributed network},
  author={Beikverdi, Alireza and Song, JooSeok},
  booktitle={Software Engineering, Artificial Intelligence, Networking and Parallel/Distributed Computing (SNPD), 2015 16th IEEE/ACIS International Conference on},
  pages={1--6},
  year={2015},
  organization={IEEE}
}


@inproceedings{ali2016blockstack,
  title={Blockstack: A Global Naming and Storage System Secured by Blockchains.},
  author={Ali, Muneeb and Nelson, Jude C and Shea, Ryan and Freedman, Michael J},
  booktitle={USENIX Annual Technical Conference},
  pages={181--194},
  year={2016}
}


@inproceedings{ali2016blockstack,
  title={Blockstack: A Global Naming and Storage System Secured by Blockchains.},
  author={Ali, Muneeb and Nelson, Jude C and Shea, Ryan and Freedman, Michael J},
  booktitle={USENIX Annual Technical Conference},
  pages={181--194},
  year={2016}
}

@inproceedings{carlsten2016instability,
  title={On the instability of bitcoin without the block reward},
  author={Carlsten, Miles and Kalodner, Harry and Weinberg, S Matthew and Narayanan, Arvind},
  booktitle={Proceedings of the 2016 ACM SIGSAC Conference on Computer and Communications Security},
  pages={154--167},
  year={2016},
  organization={ACM}
}

@book{huang2018estimating,
  title={Estimating Profitability of Alternative Crypto-currencies},
  author={Huang, Danny Yuxing and Levchenko, Kirill and Snoeren, Alex C},
  year={2018},
  publisher={Department of Computer Science and Engineering, University of California, San Diego}
}


@inproceedings{nojoumian2018incentivizing,
  title={Incentivizing Blockchain Miners to Avoid Dishonest Mining Strategies By a Reputation-Based Paradigm},
  author={Nojoumian, Mehrdad and Golchubian, Arash and Njilla, Laurent and Kwiat, Kevin and Kamhoua, Charles},
  booktitle={IEEE Computing Conference (CC). London, UK: IEEE},
  year={2018}
}


@inproceedings{eyal2015miner,
  title={The miner's dilemma},
  author={Eyal, Ittay},
  booktitle={Security and Privacy (SP), 2015 IEEE Symposium on},
  pages={89--103},
  year={2015},
  organization={IEEE}
}

@inproceedings{johnson2014game,
  title={Game-theoretic analysis of DDoS attacks against Bitcoin mining pools},
  author={Johnson, Benjamin and Laszka, Aron and Grossklags, Jens and Vasek, Marie and Moore, Tyler},
  booktitle={International Conference on Financial Cryptography and Data Security},
  pages={72--86},
  year={2014},
  organization={Springer}
}


@inproceedings{schrijvers2016incentive,
  title={Incentive compatibility of bitcoin mining pool reward functions},
  author={Schrijvers, Okke and Bonneau, Joseph and Boneh, Dan and Roughgarden, Tim},
  booktitle={International Conference on Financial Cryptography and Data Security},
  pages={477--498},
  year={2016},
  organization={Springer}
}


@article{bradbury2013problem,
  title={The problem with Bitcoin},
  author={Bradbury, Danny},
  journal={Computer Fraud \& Security},
  volume={2013},
  number={11},
  pages={5--8},
  year={2013},
  publisher={Elsevier}
}


@article{rosenfeld2011analysis,
  title={Analysis of bitcoin pooled mining reward systems},
  author={Rosenfeld, Meni},
  journal={arXiv preprint arXiv:1112.4980},
  year={2011}
}


@inproceedings{gervais2015tampering,
  title={Tampering with the delivery of blocks and transactions in bitcoin},
  author={Gervais, Arthur and Ritzdorf, Hubert and Karame, Ghassan O and Capkun, Srdjan},
  booktitle={Proceedings of the 22nd ACM SIGSAC Conference on Computer and Communications Security},
  pages={692--705},
  year={2015},
  organization={ACM}
}


@inproceedings{bonneau2015sok,
  title={Sok: Research perspectives and challenges for bitcoin and cryptocurrencies},
  author={Bonneau, Joseph and Miller, Andrew and Clark, Jeremy and Narayanan, Arvind and Kroll, Joshua A and Felten, Edward W},
  booktitle={Security and Privacy (SP), 2015 IEEE Symposium on},
  pages={104--121},
  year={2015},
  organization={IEEE}
}



@article{jacquet2018green,
  title={Green Mining: toward a less energetic impact of cryptocurrencies},
  author={Jacquet, Philippe and Mans, Bernard},
  journal={arXiv preprint arXiv:1801.07814},
  year={2018}
}


@article{krawczyk2016learning,
  title={Learning from imbalanced data: open challenges and future directions},
  author={Krawczyk, Bartosz},
  journal={Progress in Artificial Intelligence},
  volume={5},
  number={4},
  pages={221--232},
  year={2016},
  publisher={Springer}
}


@inproceedings{kroll2013economics,
  title={The economics of Bitcoin mining, or Bitcoin in the presence of adversaries},
  author={Kroll, Joshua A and Davey, Ian C and Felten, Edward W},
  booktitle={Proceedings of WEIS},
  volume={2013},
  pages={11},
  year={2013}
}


@inproceedings{qin2018economic,
  title={Economic issues in bitcoin mining and blockchain research},
  author={Qin, Rui and Yuan, Yong and Wang, Shuai and Wang, Fei-Yue},
  booktitle={2018 IEEE Intelligent Vehicles Symposium (IV)},
  pages={268--273},
  year={2018},
  organization={IEEE}
}

@inproceedings{chen2018understanding,
  title={Understanding ethereum via graph analysis},
  author={Chen, Ting and Zhu, Yuxiao and Li, Zihao and Chen, Jiachi and Li, Xiaoqi and Luo, Xiapu and Lin, Xiaodong and Zhange, Xiaosong},
  booktitle={IEEE INFOCOM 2018-IEEE Conference on Computer Communications},
  pages={1484--1492},
  year={2018},
  organization={IEEE}
}

@inproceedings{owenson2017proximity,
  title={Proximity awareness approach to enhance propagation delay on the Bitcoin peer-to-peer network},
  author={Owenson, Gareth and Adda, Mo and others},
  booktitle={Distributed Computing Systems (ICDCS), 2017 IEEE 37th International Conference on},
  pages={2411--2416},
  year={2017},
  organization={IEEE}
}

@inproceedings{chen2017extending,
  title={Extending Blockchain Functionality with Statechain},
  author={Chen, Xiaokang and Zhang, Kunlong},
  booktitle={Parallel and Distributed Systems (ICPADS), 2017 IEEE 23rd International Conference on},
  pages={240--247},
  year={2017},
  organization={IEEE}
}、

@inproceedings{kiffer2017stick,
  title={Stick a fork in it: Analyzing the Ethereum network partition},
  author={Kiffer, Lucianna and Levin, Dave and Mislove, Alan},
  booktitle={Proceedings of the 16th ACM Workshop on Hot Topics in Networks},
  pages={94--100},
  year={2017},
  organization={ACM}
}

@inproceedings{toyoda2017identification,
  title={Identification of High Yielding Investment Programs in Bitcoin via Transactions Pattern Analysis},
  author={Toyoda, Kentaroh and Ohtsuki, Tomoaki and Mathiopoulos, P Takis},
  booktitle={GLOBECOM 2017-2017 IEEE Global Communications Conference},
  pages={1--6},
  year={2017},
  organization={IEEE}
}

@article{liu2018evolutionary,
  title={Evolutionary game for mining pool selection in blockchain networks},
  author={Liu, Xiaojun and Wang, Wenbo and Niyato, Dusit and Zhao, Narisa and Wang, Ping},
  journal={IEEE Wireless Communications Letters},
  year={2018},
  publisher={IEEE}
}

@inproceedings{zamyatin2017swimming,
  title={Swimming with Fishes and Sharks: Beneath the Surface of Queue-based Ethereum Mining Pools},
  author={Zamyatin, Alexei and Wolter, Katinka and Werner, Sam and Harrison, Peter G and Mulligan, Catherine EA and Knottenbelt, William J},
  booktitle={Modeling, Analysis, and Simulation of Computer and Telecommunication Systems (MASCOTS), 2017 IEEE 25th International Symposium on},
  pages={99--109},
  year={2017},
  organization={IEEE}
}

@article{luu2017smart,
  title={SMART POOL: Practical Decentralized Pooled Mining.},
  author={Luu, Loi and Velner, Yaron and Teutsch, Jason and Saxena, Prateek},
  journal={IACR Cryptology ePrint Archive},
  volume={2017},
  pages={19},
  year={2017}
}

@inproceedings{giechaskiel2016bitcoin,
  title={On bitcoin security in the presence of broken cryptographic primitives},
  author={Giechaskiel, Ilias and Cremers, Cas and Rasmussen, Kasper B},
  booktitle={European Symposium on Research in Computer Security},
  pages={201--222},
  year={2016},
  organization={Springer}
}


@article{conti2018survey,
  title={A survey on security and privacy issues of bitcoin},
  author={Conti, Mauro and Kumar, Sandeep and Lal, Chhagan and Ruj, Sushmita},
  journal={IEEE Communications Surveys \& Tutorials},
  year={2018},
  publisher={IEEE}
}

@inproceedings{altman2018mining,
  title={Mining competition in a multi-cryptocurrency ecosystem at the network edge: a congestion game approach},
  author={Altman, Eitan and Reiffers, France Alexandre and Menasch{\'e}, Daniel Sadoc and Matar, Mandar and Dhamal, Swapnil and Touati, Corinne},
  booktitle={1st Symposium on Cryptocurrency Analysis (SOCCA 2018)},
  year={2018}
}

@inproceedings{li2018transaction,
  title={Transaction Queuing Game in Bitcoin BlockChain},
  author={Li, Juanjuan and Yuan, Yong and Wang, Shuai and Wang, Fei-Yue},
  booktitle={2018 IEEE Intelligent Vehicles Symposium (IV)},
  pages={114--119},
  year={2018},
  organization={IEEE}
}

@article{sompolinsky2018bitcoin,
  title={Bitcoin's underlying incentives},
  author={Sompolinsky, Yonatan and Zohar, Aviv},
  journal={Communications of the ACM},
  volume={61},
  number={3},
  pages={46--53},
  year={2018},
  publisher={ACM}
}

@article{pappalardo2018blockchain,
  title={Blockchain inefficiency in the bitcoin peers network},
  author={Pappalardo, Giuseppe and Di Matteo, Tiziana and Caldarelli, Guido and Aste, Tomaso},
  journal={EPJ Data Science},
  volume={7},
  number={1},
  pages={30},
  year={2018},
  publisher={Springer}
}

@article{zheng2018blockchain,
  title={Blockchain challenges and opportunities: A survey},
  author={Zheng, Zibin and Xie, Shaoan and Dai, Hong-Ning and Chen, Xiangping and Wang, Huaimin},
  journal={International Journal of Web and Grid Services},
  volume={14},
  number={4},
  pages={352--375},
  year={2018},
  publisher={Inderscience Publishers (IEL)}
}

@techreport{matetic2018bite,
  title={BITE: Bitcoin Lightweight Client Privacy using Trusted Execution},
  author={Matetic, Sinisa and W{\"u}st, Karl and Schneider, Moritz and Kostiainen, Kari and Karame, Ghassan and Capkun, Srdjan},
  year={2018},
  institution={IACR Cryptology ePrint Archive 2018}
}


@inproceedings{pontiveros2018monitoring,
  title={Monitoring the transaction selection policy of Bitcoin mining pools},
  author={Pontiveros, Beltran Borja Fiz and Norvill, Robert and State, Radu},
  booktitle={NOMS 2018-2018 IEEE/IFIP Network Operations and Management Symposium},
  pages={1--6},
  year={2018},
  organization={IEEE}
}



@article{cilliers2018land,
  title={The Land--Labour Hypothesis in a Settler Economy: Wealth, Labour and Household Composition on the South African Frontier},
  author={Cilliers, Jeanne and Green, Erik},
  journal={International Review of Social History},
  volume={63},
  number={2},
  pages={239--271},
  year={2018},
  publisher={Cambridge University Press}
}


@incollection{sugihara2019multiple,
  title={Multiple Paths to Industrialization: A Global Context of the Rise of Emerging States},
  author={Sugihara, Kaoru},
  booktitle={Paths to the Emerging State in Asia and Africa},
  pages={1--33},
  year={2019},
  publisher={Springer}
}



